Query Results from the ADS Database


Retrieved 97 abstracts, starting with number 1.  Total number selected: 97.

@MISC{2019ivoa.rept.0520D,
   author = {{Demleitner}, M. and {Taylor}, M.},
    title = "{Discovering Data Collections Within Services Version 1.1}",
howpublished = {IVOA Note 20 May 2019},
     year = 2019,
    month = may,
   editor = {{Demleitner}, M.},
   adsurl = {https://ui.adsabs.harvard.edu/abs/2019ivoa.rept.0520D},
  adsnote = {Provided by the SAO/NASA Astrophysics Data System}
}

@MISC{2018ivoa.spec.0910L,
   author = {{Lemson}, G. and {Laurino}, O. and {Bourges}, L. and {Cresitello-Dittmar}, M. and 
	{Demleitner}, M. and {Donaldson}, T. and {Dowler}, P. and {Graham}, M. and 
	{Gray}, N. and {Michel}, L. and {Salgado}, J.},
    title = "{VO-DML: a consistent modeling language for IVOA data models Version 1.0}",
howpublished = {IVOA Recommendation 10 September 2018},
     year = 2018,
    month = sep,
   editor = {{Lemson}, G. and {Laurino}, O.},
   adsurl = {https://ui.adsabs.harvard.edu/abs/2018ivoa.spec.0910L},
  adsnote = {Provided by the SAO/NASA Astrophysics Data System}
}

@MISC{2018ivoa.spec.0723D,
   author = {{Dower}, T. and {Demleitner}, M. and {Benson}, K. and {Plante}, R. and 
	{Auden}, E. and {Graham}, M. and {Greene}, G. and {Hill}, M. and 
	{Linde}, T. and {Morris}, D. and {O`Mullane}, W. and {Rixon}, G. and 
	{St{\'e}b{\'e}}, A. and {Andrews}, K.},
    title = "{Registry Interfaces Version 1.1}",
howpublished = {IVOA Recommendation 23 July 2018},
     year = 2018,
    month = jul,
   editor = {{Dower}, T. and {Demleitner}, M.},
      doi = {10.5479/ADS/bib/2018ivoa.spec.0723D},
   adsurl = {https://ui.adsabs.harvard.edu/abs/2018ivoa.spec.0723D},
  adsnote = {Provided by the SAO/NASA Astrophysics Data System}
}

@MISC{2018ivoa.spec.0625P,
   author = {{Plante}, R. and {Demleitner}, M. and {Benson}, K. and {Graham}, M. and 
	{Greene}, G. and {Harrison}, P. and {Lemson}, G. and {Linde}, T. and 
	{Rixon}, G.},
    title = "{VOResource: an XML Encoding Schema for Resource Metadata Version 1.1}",
howpublished = {IVOA Recommendation 25 June 2018},
     year = 2018,
    month = jun,
   editor = {{Plante}, R. and {Demleitner}, M.},
      doi = {10.5479/ADS/bib/2018ivoa.spec.0625P},
   adsurl = {https://ui.adsabs.harvard.edu/abs/2018ivoa.spec.0625P},
  adsnote = {Provided by the SAO/NASA Astrophysics Data System}
}

@MISC{2018ivoa.spec.0621G,
   author = {{Graham}, M. and {Major}, B. and {Morris}, D. and {Rixon}, G. and 
	{Dowler}, P. and {Schaaff}, A. and {Tody}, D.},
    title = "{VOSpace Version 2.1}",
howpublished = {IVOA Recommendation 21 June 2018},
     year = 2018,
    month = jun,
   editor = {{Graham}, M. and {Major}, B.},
      doi = {10.5479/ADS/bib/2018ivoa.spec.0621G},
   adsurl = {https://ui.adsabs.harvard.edu/abs/2018ivoa.spec.0621G},
  adsnote = {Provided by the SAO/NASA Astrophysics Data System}
}

@MISC{2018ivoa.spec.0529H,
   author = {{Harrison}, P. and {Demleitner}, M. and {Major}, B. and {Dowler}, P.
	},
    title = "{XML Schema Versioning Policies Version 1.0}",
howpublished = {IVOA Endorsed Note 29 May 2018},
     year = 2018,
    month = may,
   editor = {{Harrison}, P.},
      doi = {10.5479/ADS/bib/2018ivoa.spec.0529H},
   adsurl = {https://ui.adsabs.harvard.edu/abs/2018ivoa.spec.0529H},
  adsnote = {Provided by the SAO/NASA Astrophysics Data System}
}

@MISC{2018ivoa.spec.0527M,
   author = {{Martinez}, A.~P. and {Louys}, M. and {Cecconi}, B. and {Derriere}, S. and 
	{Ochsenbein}, F. and {IVOA Semantic Working Group}},
    title = "{The UCD1+ controlled vocabulary Version 1.3 Version 1.3}",
howpublished = {IVOA Recommendation 27 May 2018},
     year = 2018,
    month = may,
   editor = {{Martinez}, A.~P. and {Louys}, M.},
      doi = {10.5479/ADS/bib/2018ivoa.spec.0527M},
   adsurl = {https://ui.adsabs.harvard.edu/abs/2018ivoa.spec.0527M},
  adsnote = {Provided by the SAO/NASA Astrophysics Data System}
}

@MISC{2017ivoa.spec.0530P,
   author = {{Plante}, R. and {Demleitner}, M. and {Plante}, R. and {Delago}, J. and 
	{Harrison}, P. and {Tody}, D.},
    title = "{Describing Simple Data Access Services Version 1.1}",
howpublished = {IVOA Recommendation 30 May 2017},
     year = 2017,
    month = may,
   editor = {{Plante}, R. and {Demleitner}, M.},
      doi = {10.5479/ADS/bib/2017ivoa.spec.0530P},
   adsurl = {https://ui.adsabs.harvard.edu/abs/2017ivoa.spec.0530P},
  adsnote = {Provided by the SAO/NASA Astrophysics Data System}
}

@MISC{2017ivoa.spec.0524T,
   author = {{Taffoni}, G. and {Schaaf}, A. and {Rixon}, G. and {Major}, B.
	},
    title = "{SSO - Single-Sign-On Profile: Authentication Mechanisms Version 2.0}",
howpublished = {IVOA Recommendation 24 May 2017},
     year = 2017,
    month = may,
archivePrefix = "arXiv",
   eprint = {1709.00171},
 primaryClass = "astro-ph.IM",
   editor = {{Taffoni}, G.},
   adsurl = {https://ui.adsabs.harvard.edu/abs/2017ivoa.spec.0524T},
  adsnote = {Provided by the SAO/NASA Astrophysics Data System}
}

@MISC{2017ivoa.spec.0524G,
   author = {{Graham}, M. and {Rixon}, G. and {Dowler}, P. and {Major}, B. and 
	{Grid} and {Web Services Working Group}},
    title = "{IVOA Support Interfaces Version 1.1}",
howpublished = {IVOA Recommendation 24 May 2017},
     year = 2017,
    month = may,
   editor = {{Graham}, M. and {Rixon}, G. and {Dowler}, P. and {Major}, B.
	},
      doi = {10.5479/ADS/bib/2017ivoa.spec.0524G},
   adsurl = {https://ui.adsabs.harvard.edu/abs/2017ivoa.spec.0524G},
  adsnote = {Provided by the SAO/NASA Astrophysics Data System}
}

@MISC{2017ivoa.spec.0519F,
   author = {{Fernique}, P. and {Allen}, M. and {Boch}, T. and {Donaldson}, T. and 
	{Durand}, D. and {Ebisawa}, K. and {Michel}, L. and {Salgado}, J. and 
	{Stoehr}, F.},
    title = "{HiPS - Hierarchical Progressive Survey Version 1.0}",
howpublished = {IVOA Recommendation 19 May 2017},
     year = 2017,
    month = may,
archivePrefix = "arXiv",
   eprint = {1708.09704},
 primaryClass = "astro-ph.IM",
   editor = {{Fernique}, P.},
      doi = {10.5479/ADS/bib/2017ivoa.spec.0519F},
   adsurl = {https://ui.adsabs.harvard.edu/abs/2017ivoa.spec.0519F},
  adsnote = {Provided by the SAO/NASA Astrophysics Data System}
}

@MISC{2017ivoa.spec.0517G,
   author = {{Genova}, F. and {Arviset}, C. and {Demleitner}, M. and {Glendenning}, B. and 
	{Molinaro}, M. and {Hanisch}, R.~J. and {Rino}, B.},
    title = "{IVOA Document Standards Version 2.0}",
howpublished = {IVOA Recommendation 17 May 2017},
     year = 2017,
    month = may,
   editor = {{Genova}, F.},
   adsurl = {https://ui.adsabs.harvard.edu/abs/2017ivoa.spec.0517G},
  adsnote = {Provided by the SAO/NASA Astrophysics Data System}
}

@MISC{2017ivoa.spec.0517D,
   author = {{Dowler}, P. and {Demleitner}, M. and {Taylor}, M. and {Tody}, D.
	},
    title = "{Data Access Layer Interface Version 1.1}",
howpublished = {IVOA Recommendation 17 May 2017},
     year = 2017,
    month = may,
   editor = {{Dowler}, P.},
   adsurl = {https://ui.adsabs.harvard.edu/abs/2017ivoa.spec.0517D},
  adsnote = {Provided by the SAO/NASA Astrophysics Data System}
}

@MISC{2017ivoa.spec.0517B,
   author = {{Bonnarel}, F. and {Dowler}, P. and {Demleitner}, M. and {Tody}, D. and 
	{Dempsey}, J.},
    title = "{IVOA Server-side Operations for Data Access Version 1.0}",
howpublished = {IVOA Recommendation 17 May 2017},
     year = 2017,
    month = may,
archivePrefix = "arXiv",
   eprint = {1710.08791},
 primaryClass = "astro-ph.IM",
   editor = {{Bonnarel}, F. and {Dowler}, P.},
      doi = {10.5479/ADS/bib/2017ivoa.spec.0517B},
   adsurl = {https://ui.adsabs.harvard.edu/abs/2017ivoa.spec.0517B},
  adsnote = {Provided by the SAO/NASA Astrophysics Data System}
}

@MISC{2017ivoa.spec.0509L,
   author = {{Louys}, M. and {Tody}, D. and {Dowler}, P. and {Durand}, D. and 
	{Michel}, L. and {Bonnarel}, F. and {Micol}, A. and {IVOA DataModel Working Group}
	},
    title = "{Observation Data Model Core Components, its Implementation in the Table Access Protocol Version 1.1}",
howpublished = {IVOA Recommendation 09 May 2017},
     year = 2017,
    month = may,
   editor = {{Louys}, M. and {Tody}, D. and {Dowler}, P. and {Durand}, D.
	},
      doi = {10.5479/ADS/bib/2017ivoa.spec.0509L},
   adsurl = {https://ui.adsabs.harvard.edu/abs/2017ivoa.spec.0509L},
  adsnote = {Provided by the SAO/NASA Astrophysics Data System}
}

@MISC{2017ivoa.spec.0320S,
   author = {{Swinbank}, J.~D. and {Allan}, A. and {Denny}, R.~B.},
    title = "{VOEvent Transport Protocol Version 2.0}",
howpublished = {IVOA Recommendation 20 March 2017},
     year = 2017,
    month = mar,
   editor = {{Swinbank}, J.~D.},
   adsurl = {https://ui.adsabs.harvard.edu/abs/2017ivoa.spec.0320S},
  adsnote = {Provided by the SAO/NASA Astrophysics Data System}
}

@MISC{2017ivoa.spec.0320L,
   author = {{Languignon}, D. and {Le Petit}, F. and {Rodrigo}, C. and {Lemson}, G. and 
	{Molinaro}, M. and {Wozniak}, H.},
    title = "{Simulation Data Access Layer Version 1.0}",
howpublished = {IVOA Recommendation 20 March 2017},
     year = 2017,
    month = mar,
   editor = {{Languignon}, D. and {Le Petit}, F.},
      doi = {10.5479/ADS/bib/2017ivoa.spec.0320L},
   adsurl = {https://ui.adsabs.harvard.edu/abs/2017ivoa.spec.0320L},
  adsnote = {Provided by the SAO/NASA Astrophysics Data System}
}

@MISC{2016ivoa.spec.1024H,
   author = {{Harrison}, P.~A. and {Rixon}, G.},
    title = "{Universal Worker Service Pattern Version 1.1}",
howpublished = {IVOA Recommendation 24 October 2016},
     year = 2016,
    month = oct,
   editor = {{Harrison}, P.~A.},
      doi = {10.5479/ADS/bib/2016ivoa.spec.1024H},
   adsurl = {https://ui.adsabs.harvard.edu/abs/2016ivoa.spec.1024H},
  adsnote = {Provided by the SAO/NASA Astrophysics Data System}
}

@MISC{2016ivoa.spec.0523D,
   author = {{Demleitner}, M. and {Plante}, R. and {Linde}, T. and {Williams}, R. and 
	{Noddle}, K.},
    title = "{IVOA Identifiers Version 2.0}",
howpublished = {IVOA Recommendation 23 May 2016},
     year = 2016,
    month = may,
archivePrefix = "arXiv",
   eprint = {1605.07501},
 primaryClass = "astro-ph.IM",
   editor = {{Demleitner}, M.},
      doi = {10.5479/ADS/bib/2016ivoa.spec.0523D},
   adsurl = {https://ui.adsabs.harvard.edu/abs/2016ivoa.spec.0523D},
  adsnote = {Provided by the SAO/NASA Astrophysics Data System}
}

@MISC{2015ivoa.spec.1223D,
   author = {{Dowler}, P. and {Bonnarel}, F. and {Tody}, D.},
    title = "{IVOA Simple Image Access Version 2.0}",
howpublished = {IVOA Recommendation 23 December 2015},
     year = 2015,
    month = dec,
   editor = {{Dowler}, P. and {Bonnarel}, F.},
      doi = {10.5479/ADS/bib/2015ivoa.spec.1223D},
   adsurl = {https://ui.adsabs.harvard.edu/abs/2015ivoa.spec.1223D},
  adsnote = {Provided by the SAO/NASA Astrophysics Data System}
}

@MISC{2015ivoa.spec.0617D,
   author = {{Dowler}, P. and {Bonnarel}, F. and {Michel}, L. and {Demleitner}, M.
	},
    title = "{IVOA DataLink Version 1.0}",
howpublished = {IVOA Recommendation 17 June 2015},
     year = 2015,
    month = jun,
archivePrefix = "arXiv",
   eprint = {1509.06152},
 primaryClass = "astro-ph.IM",
   editor = {{Dowler}, P.},
      doi = {10.5479/ADS/bib/2015ivoa.spec.0617D},
   adsurl = {https://ui.adsabs.harvard.edu/abs/2015ivoa.spec.0617D},
  adsnote = {Provided by the SAO/NASA Astrophysics Data System}
}

@MISC{2014ivoa.spec.1208D,
   author = {{Demleitner}, M. and {Harrison}, P. and {Molinaro}, M. and {Greene}, G. and 
	{Dower}, T. and {Perdikeas}, M.},
    title = "{IVOA Registry Relational Schema Version 1.0}",
howpublished = {IVOA Recommendation 08 December 2014},
     year = 2014,
    month = dec,
archivePrefix = "arXiv",
   eprint = {1510.02275},
 primaryClass = "astro-ph.IM",
   editor = {{Demleitner}, M.},
      doi = {10.5479/ADS/bib/2014ivoa.spec.1208D},
   adsurl = {https://ui.adsabs.harvard.edu/abs/2014ivoa.spec.1208D},
  adsnote = {Provided by the SAO/NASA Astrophysics Data System}
}

@MISC{2014ivoa.spec.0602F,
   author = {{Fernique}, P. and {Boch}, T. and {Donaldson}, T. and {Durand}, D. and 
	{O'Mullane}, W. and {Reinecke}, M. and {Taylor}, M.},
    title = "{MOC - HEALPix Multi-Order Coverage map Version 1.0}",
howpublished = {IVOA Recommendation 02 June 2014},
     year = 2014,
    month = jun,
archivePrefix = "arXiv",
   eprint = {1505.02937},
 primaryClass = "astro-ph.IM",
   editor = {{Fernique}, P.},
      doi = {10.5479/ADS/bib/2014ivoa.spec.0602F},
   adsurl = {https://ui.adsabs.harvard.edu/abs/2014ivoa.spec.0602F},
  adsnote = {Provided by the SAO/NASA Astrophysics Data System}
}

@MISC{2014ivoa.spec.0523Z,
   author = {{Zwolf}, C.~M. and {Harrison}, P. and {Garrido}, J. and {Ruiz}, J.~E. and 
	{Le Petit}, F.},
    title = "{Parameter Description Language Version 1.0}",
howpublished = {IVOA Recommendation 23 May 2014},
     year = 2014,
    month = may,
archivePrefix = "arXiv",
   eprint = {1509.08303},
 primaryClass = "astro-ph.IM",
   editor = {{Zwolf}, C.~M.},
   adsurl = {https://ui.adsabs.harvard.edu/abs/2014ivoa.spec.0523Z},
  adsnote = {Provided by the SAO/NASA Astrophysics Data System}
}

@MISC{2014ivoa.spec.0523D,
   author = {{Derriere}, S. and {Gray}, N. and {Demleitner}, M. and {Louys}, M. and 
	{Ochsenbein}, F.},
    title = "{Units in the VO Version 1.0}",
howpublished = {IVOA Recommendation 23 May 2014},
     year = 2014,
    month = may,
archivePrefix = "arXiv",
   eprint = {1509.07267},
 primaryClass = "astro-ph.IM",
   editor = {{Derriere}, S. and {Gray}, N.},
      doi = {10.5479/ADS/bib/2014ivoa.spec.0523D},
   adsurl = {https://ui.adsabs.harvard.edu/abs/2014ivoa.spec.0523D},
  adsnote = {Provided by the SAO/NASA Astrophysics Data System}
}

@MISC{2013ivoa.rept.1213D,
   author = {{Demleitner}, M. and {Harrison}, P. and {Taylor}, M.},
    title = "{TAP Implementation Notes Version 1.0}",
howpublished = {IVOA Note 13 December 2013},
     year = 2013,
    month = dec,
   editor = {{Demleitner}, M.},
      doi = {10.5479/ADS/bib/2013ivoa.rept.1213D},
   adsurl = {https://ui.adsabs.harvard.edu/abs/2013ivoa.rept.1213D},
  adsnote = {Provided by the SAO/NASA Astrophysics Data System}
}

@MISC{2013ivoa.spec.1129D,
   author = {{Dowler}, P. and {Demleitner}, M. and {Taylor}, M. and {Tody}, D.
	},
    title = "{Data Access Layer Interface Version 1.0}",
howpublished = {IVOA Recommendation 29 November 2013},
     year = 2013,
    month = nov,
archivePrefix = "arXiv",
   eprint = {1402.4750},
 primaryClass = "astro-ph.IM",
   editor = {{Dowler}, P.},
      doi = {10.5479/ADS/bib/2013ivoa.spec.1129D},
   adsurl = {https://ui.adsabs.harvard.edu/abs/2013ivoa.spec.1129D},
  adsnote = {Provided by the SAO/NASA Astrophysics Data System}
}

@MISC{2013ivoa.spec.1125P,
   author = {{Plante}, R. and {Delago}, J. and {Harrison}, P. and {Tody}, D. and 
	{IVOA Registry Working Group}},
    title = "{Describing Simple Data Access Services Version 1.0}",
howpublished = {IVOA Recommendation 25 November 2013},
     year = 2013,
    month = nov,
archivePrefix = "arXiv",
   eprint = {1402.4747},
 primaryClass = "astro-ph.IM",
   editor = {{Plante}, R.},
      doi = {10.5479/ADS/bib/2013ivoa.spec.1125P},
   adsurl = {https://ui.adsabs.harvard.edu/abs/2013ivoa.spec.1125P},
  adsnote = {Provided by the SAO/NASA Astrophysics Data System}
}

@MISC{2013ivoa.spec.1005S,
   author = {{Salgado}, J. and {Osuna}, P. and {Rodrigo}, C. and {Allen}, M. and 
	{Louys}, M. and {McDowell}, J. and {Baines}, D. and {Maiz Apellaniz}, J. and 
	{Hatziminaoglou}, E. and {Derriere}, S. and {Lemson}, G.},
    title = "{IVOA Photometry Data Model Version 1.0}",
howpublished = {IVOA Recommendation 05 October 2013},
     year = 2013,
    month = oct,
archivePrefix = "arXiv",
   eprint = {1402.4752},
 primaryClass = "astro-ph.IM",
   editor = {{Salgado}, J. and {Osuna}, P.},
      doi = {10.5479/ADS/bib/2013ivoa.spec.1005S},
   adsurl = {https://ui.adsabs.harvard.edu/abs/2013ivoa.spec.1005S},
  adsnote = {Provided by the SAO/NASA Astrophysics Data System}
}

@MISC{2013ivoa.spec.0920O,
   author = {{Ochsenbein}, F. and {Taylor}, M. and {Williams}, R. and {Davenhall}, C. and 
	{Demleitner}, M. and {Durand}, D. and {Fernique}, P. and {Giaretta}, D. and 
	{Hanisch}, R. and {McGlynn}, T. and {Szalay}, A. and {Wicenec}, A.
	},
    title = "{VOTable Format Definition Version 1.3}",
howpublished = {IVOA Recommendation 20 September 2013},
     year = 2013,
    month = sep,
   editor = {{Ochsenbein}, F. and {Taylor}, M.},
      doi = {10.5479/ADS/bib/2013ivoa.spec.0920O},
   adsurl = {https://ui.adsabs.harvard.edu/abs/2013ivoa.spec.0920O},
  adsnote = {Provided by the SAO/NASA Astrophysics Data System}
}

@MISC{2013ivoa.spec.0329G,
   author = {{Graham}, M. and {Morris}, D. and {Rixon}, G. and {Dowler}, P. and 
	{Schaaff}, A. and {Tody}, D.},
    title = "{VOSpace specification Version 2.0}",
howpublished = {IVOA Recommendation 29 March 2013},
     year = 2013,
    month = mar,
archivePrefix = "arXiv",
   eprint = {1509.06049},
 primaryClass = "astro-ph.IM",
   editor = {{Graham}, M.},
      doi = {10.5479/ADS/bib/2013ivoa.spec.0329G},
   adsurl = {https://ui.adsabs.harvard.edu/abs/2013ivoa.spec.0329G},
  adsnote = {Provided by the SAO/NASA Astrophysics Data System}
}

@MISC{2012ivoa.rept.1015R,
   author = {{Rodrigo}, C. and {Solano}, E. and {Bayo}, A.},
    title = "{SVO Filter Profile Service Version 1.0}",
howpublished = {IVOA Working Draft 15 October 2012},
     year = 2012,
    month = oct,
   editor = {{Rodrigo}, C.},
      doi = {10.5479/ADS/bib/2012ivoa.rept.1015R},
   adsurl = {https://ui.adsabs.harvard.edu/abs/2012ivoa.rept.1015R},
  adsnote = {Provided by the SAO/NASA Astrophysics Data System}
}

@MISC{2012ivoa.spec.0827D,
   author = {{Demleitner}, M. and {Dowler}, P. and {Plante}, R. and {Rixon}, G. and 
	{Taylor}, M.},
    title = "{TAPRegExt: a VOResource Schema Extension for Describing TAP Services Version 1.0}",
howpublished = {IVOA Recommendation 27 August 2012},
     year = 2012,
    month = aug,
archivePrefix = "arXiv",
   eprint = {1402.4742},
 primaryClass = "astro-ph.IM",
   editor = {{Demleitner}, M.},
      doi = {10.5479/ADS/bib/2012ivoa.spec.0827D},
   adsurl = {https://ui.adsabs.harvard.edu/abs/2012ivoa.spec.0827D},
  adsnote = {Provided by the SAO/NASA Astrophysics Data System}
}

@MISC{2012ivoa.spec.0508H,
   author = {{Harrison}, P. and {Burke}, D. and {Plante}, R. and {Rixon}, G. and 
	{Morris}, D. and {IVOA Registry Working Group}},
    title = "{StandardsRegExt: a VOResource Schema Extension for Describing IVOA Standards Version 1.0}",
howpublished = {IVOA Recommendation 08 May 2012},
     year = 2012,
    month = may,
archivePrefix = "arXiv",
   eprint = {1402.4745},
 primaryClass = "astro-ph.IM",
   editor = {{Harrison}, P.},
      doi = {10.5479/ADS/bib/2012ivoa.spec.0508H},
   adsurl = {https://ui.adsabs.harvard.edu/abs/2012ivoa.spec.0508H},
  adsnote = {Provided by the SAO/NASA Astrophysics Data System}
}

@MISC{2012ivoa.spec.0503L,
   author = {{Lemson}, G. and {Wozniak}, H. and {Bourges}, L. and {Cervino}, M. and 
	{Gheller}, C. and {Gray}, N. and {LePetit}, F. and {Louys}, M. and 
	{Ooghe}, B. and {Wagner}, R.},
    title = "{Simulation Data Model Version 1.0}",
howpublished = {IVOA Recommendation 03 May 2012},
     year = 2012,
    month = may,
archivePrefix = "arXiv",
   eprint = {1402.4744},
 primaryClass = "astro-ph.IM",
   editor = {{Lemson}, G. and {Wozniak}, H.},
      doi = {10.5479/ADS/bib/2012ivoa.spec.0503L},
   adsurl = {https://ui.adsabs.harvard.edu/abs/2012ivoa.spec.0503L},
  adsnote = {Provided by the SAO/NASA Astrophysics Data System}
}

@MISC{2012ivoa.spec.1104T,
   author = {{Taylor}, M. and {Boch}, T. and {Fitzpatrick}, M. and {Allan}, A. and 
	{Fay}, J. and {Paioro}, L. and {Taylor}, J. and {Tody}, D.},
    title = "{Simple Application Messaging Protocol Version 1.3}",
howpublished = {IVOA Recommendation 11 April 2012},
     year = 2012,
    month = apr,
   editor = {{Boch}, T. and {Fitzpatrick}, M. and {Taylor}, M.},
   adsurl = {https://ui.adsabs.harvard.edu/abs/2012ivoa.spec.1104T},
  adsnote = {Provided by the SAO/NASA Astrophysics Data System}
}

@MISC{2012ivoa.spec.0411B,
   author = {{Boch}, T. and {Fitzpatrick}, M. and {Taylor}, M. and {Allan}, A. and 
	{Fay}, J. and {Paioro}, L. and {Taylor}, J. and {Tody}, D.},
    title = "{Simple Application Messaging Protocol Version 1.3}",
howpublished = {IVOA Recommendation 11 April 2012},
     year = 2012,
    month = apr,
archivePrefix = "arXiv",
   eprint = {1110.0528},
 primaryClass = "astro-ph.IM",
   editor = {{Boch}, T. and {Fitzpatrick}, M. and {Taylor}, M.},
      doi = {10.5479/ADS/bib/2012ivoa.spec.0411B},
   adsurl = {https://ui.adsabs.harvard.edu/abs/2012ivoa.spec.0411B},
  adsnote = {Provided by the SAO/NASA Astrophysics Data System}
}

@MISC{2012ivoa.spec.0210T,
   author = {{Tody}, D. and {Dolensky}, M. and {McDowell}, J. and {Bonnarel}, F. and 
	{Budavari}, T. and {Busko}, I. and {Micol}, A. and {Osuna}, P. and 
	{Salgado}, J. and {Skoda}, P. and {Thompson}, R. and {Valdes}, F. and 
	{Data Access Layer Working Group}},
    title = "{Simple Spectral Access Protocol Version 1.1}",
howpublished = {IVOA Recommendation 10 February 2012},
     year = 2012,
    month = feb,
archivePrefix = "arXiv",
   eprint = {1203.5725},
 primaryClass = "astro-ph.IM",
   editor = {{Tody}, D.},
      doi = {10.5479/ADS/bib/2012ivoa.spec.0210T},
   adsurl = {https://ui.adsabs.harvard.edu/abs/2012ivoa.spec.0210T},
  adsnote = {Provided by the SAO/NASA Astrophysics Data System}
}

@MISC{2012ivoa.rept.0126A,
   author = {{Arviset}, C. and {IVOA Technical Coordination Group}},
    title = "{The IVOA in 2011: Technical Assessment, Roadmap for 2012 Version 1.0}",
howpublished = {IVOA Note 26 January 2012},
     year = 2012,
    month = jan,
   editor = {{Arviset}, C.},
      doi = {10.5479/ADS/bib/2012ivoa.rept.0126A},
   adsurl = {https://ui.adsabs.harvard.edu/abs/2012ivoa.rept.0126A},
  adsnote = {Provided by the SAO/NASA Astrophysics Data System}
}

@MISC{2011ivoa.spec.1120M,
   author = {{McDowell}, J. and {Tody}, D. and {Budavari}, T. and {Dolensky}, M. and 
	{Kamp}, I. and {McCusker}, K. and {Protopapas}, P. and {Rots}, A. and 
	{Thompson}, R. and {Valdes}, F. and {Skoda}, P. and {Rino}, B. and 
	{Derriere}, S. and {Salgado}, J. and {Laurino}, O. and {IVOA Data Access Layer Group} and 
	{Data Model Working Group}},
    title = "{IVOA Spectrum Data Model Version 1.1}",
howpublished = {IVOA Recommendation 20 November 2011},
     year = 2011,
    month = nov,
archivePrefix = "arXiv",
   eprint = {1204.3055},
 primaryClass = "astro-ph.IM",
   editor = {{McDowell}, J. and {Tody}, D.},
      doi = {10.5479/ADS/bib/2011ivoa.spec.1120M},
   adsurl = {https://ui.adsabs.harvard.edu/abs/2011ivoa.spec.1120M},
  adsnote = {Provided by the SAO/NASA Astrophysics Data System}
}

@MISC{2011ivoa.spec.1028T,
   author = {{Tody}, D. and {Micol}, A. and {Durand}, D. and {Louys}, M. and 
	{Bonnarel}, F. and {Schade}, D. and {Dowler}, P. and {Michel}, L. and 
	{Salgado}, J. and {Chilingarian}, I. and {Rino}, B. and {de Dios Santander}, J. and 
	{Skoda}, P.},
    title = "{Observation Data Model Core Components, its Implementation in the Table Access Protocol Version 1.0}",
howpublished = {IVOA Recommendation 28 October 2011},
     year = 2011,
    month = oct,
archivePrefix = "arXiv",
   eprint = {1111.1758},
 primaryClass = "astro-ph.IM",
   editor = {{Tody}, D. and {Micol}, A. and {Durand}, D. and {Louys}, M.},
      doi = {10.5479/ADS/bib/2011ivoa.spec.1028T},
   adsurl = {https://ui.adsabs.harvard.edu/abs/2011ivoa.spec.1028T},
  adsnote = {Provided by the SAO/NASA Astrophysics Data System}
}

@MISC{2011ivoa.spec.0711S,
   author = {{Seaman}, R. and {Williams}, R. and {Allan}, A. and {Barthelmy}, S. and 
	{Bloom}, J. and {Brewer}, J. and {Denny}, R. and {Fitzpatrick}, M. and 
	{Graham}, M. and {Gray}, N. and {Hessman}, F. and {Marka}, S. and 
	{Rots}, A. and {Vestrand}, T. and {Wozniak}, P.},
    title = "{Sky Event Reporting Metadata Version 2.0}",
howpublished = {IVOA Recommendation 11 July 2011},
     year = 2011,
    month = jul,
archivePrefix = "arXiv",
   eprint = {1110.0523},
 primaryClass = "astro-ph.IM",
   editor = {{Seaman}, R. and {Williams}, R.},
      doi = {10.5479/ADS/bib/2011ivoa.spec.0711S},
   adsurl = {https://ui.adsabs.harvard.edu/abs/2011ivoa.spec.0711S},
  adsnote = {Provided by the SAO/NASA Astrophysics Data System}
}

@MISC{2011ivoa.spec.0531G,
   author = {{Graham}, M. and {Rixon}, G. and {Grid andWeb Services Working Group}
	},
    title = "{IVOA Support Interfaces Version 1.0}",
howpublished = {IVOA Recommendation 31 May 2011},
     year = 2011,
    month = may,
archivePrefix = "arXiv",
   eprint = {1110.5825},
 primaryClass = "astro-ph.IM",
   editor = {{Graham}, M. and {Rixon}, G.},
      doi = {10.5479/ADS/bib/2011ivoa.spec.0531G},
   adsurl = {https://ui.adsabs.harvard.edu/abs/2011ivoa.spec.0531G},
  adsnote = {Provided by the SAO/NASA Astrophysics Data System}
}

@MISC{2010ivoa.specQ1209O,
   author = {{Osuna}, P. and {Salgado}, J. and {Guainazzi}, M. and {Barbarisi}, I. and 
	{Dubernet}, M.-L. and {Tody}, D.},
    title = "{Simple Line Access Protocol Version 1.0}",
howpublished = {IVOA Recommendation 9 December 2010},
     year = 2010,
    month = dec,
archivePrefix = "arXiv",
   eprint = {1110.0500},
 primaryClass = "astro-ph.IM",
   editor = {{Osuna}, P. and {Salgado}, J.},
      doi = {10.5479/ADS/bib/2010ivoa.specQ1209O},
   adsurl = {https://ui.adsabs.harvard.edu/abs/2010ivoa.specQ1209O},
  adsnote = {Provided by the SAO/NASA Astrophysics Data System}
}

@MISC{2010ivoa.spec.1216G,
   author = {{Graham}, M. and {Schaaff}, A.},
    title = "{Web Services Basic Profile Version 1.0}",
howpublished = {IVOA Recommendation 16 December 2010},
     year = 2010,
    month = dec,
archivePrefix = "arXiv",
   eprint = {1110.0511},
 primaryClass = "astro-ph.IM",
   editor = {{Graham}, M.},
   adsurl = {https://ui.adsabs.harvard.edu/abs/2010ivoa.spec.1216G},
  adsnote = {Provided by the SAO/NASA Astrophysics Data System}
}

@MISC{2010ivoa.spec.1216B,
   author = {{Boch}, T. and {Fitzpatrick}, M. and {Taylor}, M. and {Allan}, A. and 
	{Paioro}, L. and {Taylor}, J. and {Tody}, D.},
    title = "{Simple Application Messaging Protocol Version 1.2}",
howpublished = {IVOA Recommendation 16 December 2010},
     year = 2010,
    month = dec,
   editor = {{Boch}, T. and {Fitzpatrick}, M. and {Taylor}, M.},
      doi = {10.5479/ADS/bib/2010ivoa.spec.1216B},
   adsurl = {https://ui.adsabs.harvard.edu/abs/2010ivoa.spec.1216B},
  adsnote = {Provided by the SAO/NASA Astrophysics Data System}
}

@MISC{2010ivoa.spec.1209O,
   author = {{Osuna}, P. and {Salgado}, J. and {Guainazzi}, M. and {Dubernet}, M.-L. and 
	{Roueff}, E.},
    title = "{Simple Spectral Lines Data Model Version 1.0}",
howpublished = {IVOA Recommendation 09 December 2010},
     year = 2010,
    month = dec,
archivePrefix = "arXiv",
   eprint = {1110.0505},
 primaryClass = "astro-ph.IM",
   editor = {{Osuna}, P. and {Salgado}, J.},
      doi = {10.5479/ADS/bib/2010ivoa.spec.1209O},
   adsurl = {https://ui.adsabs.harvard.edu/abs/2010ivoa.spec.1209O},
  adsnote = {Provided by the SAO/NASA Astrophysics Data System}
}

@MISC{2010ivoa.spec.1202P,
   author = {{Plante}, R. and {St{\'e}b{\'e}}, A. and {Benson}, K. and {Dowler}, P. and 
	{Graham}, M. and {Greene}, G. and {Harrison}, P. and {Lemson}, G. and 
	{Linde}, T. and {Rixon}, G.},
    title = "{VODataService: a VOResource Schema Extension for Describing Collections, Services Version 1.1}",
howpublished = {IVOA Recommendation 02 December 2010},
     year = 2010,
    month = dec,
archivePrefix = "arXiv",
   eprint = {1110.0516},
 primaryClass = "astro-ph.IM",
   editor = {{Plante}, R.},
      doi = {10.5479/ADS/bib/2010ivoa.spec.1202P},
   adsurl = {https://ui.adsabs.harvard.edu/abs/2010ivoa.spec.1202P},
  adsnote = {Provided by the SAO/NASA Astrophysics Data System}
}

@MISC{2010ivoa.rept.1123A,
   author = {{Arviset}, C. and {Gaudet}, S. and {IVOA Technical Coordination Group}
	},
    title = "{IVOA Architecture Version 1.0}",
howpublished = {IVOA Note 23 November 2010},
     year = 2010,
    month = nov,
   editor = {{Arviset}, C.},
      doi = {10.5479/ADS/bib/2010ivoa.rept.1123A},
   adsurl = {https://ui.adsabs.harvard.edu/abs/2010ivoa.rept.1123A},
  adsnote = {Provided by the SAO/NASA Astrophysics Data System}
}

@MISC{2010ivoa.spec.1010H,
   author = {{Harrison}, P. and {Rixon}, G.},
    title = "{Universal Worker Service Pattern Version 1.0}",
howpublished = {IVOA Recommendation 10 October 2010},
     year = 2010,
    month = oct,
archivePrefix = "arXiv",
   eprint = {1110.0510},
 primaryClass = "astro-ph.IM",
   editor = {{Harrison}, P.},
      doi = {10.5479/ADS/bib/2010ivoa.spec.1010H},
   adsurl = {https://ui.adsabs.harvard.edu/abs/2010ivoa.spec.1010H},
  adsnote = {Provided by the SAO/NASA Astrophysics Data System}
}

@MISC{2010ivoa.rept.1007A,
   author = {{Arviset}, C. and {IVOA TCG}},
    title = "{The IVOA in 2010: Technical Assessment, Roadmap Version 1.0}",
howpublished = {IVOA Note 07 October 2010},
     year = 2010,
    month = oct,
   editor = {{Arviset}, C.},
      doi = {10.5479/ADS/bib/2010ivoa.rept.1007A},
   adsurl = {https://ui.adsabs.harvard.edu/abs/2010ivoa.rept.1007A},
  adsnote = {Provided by the SAO/NASA Astrophysics Data System}
}

@MISC{2010ivoa.rept.0707H,
   author = {{Hanisch}, R.~J. and {Quinn}, P.~J. and {De Young}, D. and {Padovani}, P. and 
	{Pasian}, F.},
    title = "{Guidelines for Participation Version 1.1}",
howpublished = {IVOA Note 7 July 2010},
     year = 2010,
    month = jul,
   editor = {{Hanisch}, R.~J.},
      doi = {10.5479/ADS/bib/2010ivoa.rept.0707H},
   adsurl = {https://ui.adsabs.harvard.edu/abs/2010ivoa.rept.0707H},
  adsnote = {Provided by the SAO/NASA Astrophysics Data System}
}

@MISC{2010ivoa.rept.0618D,
   author = {{Demleitner}, M. and {Ochsenbein}, F. and {McDowell}, J. and 
	{Rots}, A.},
    title = "{Referencing STC in VOTable Version 2.0}",
howpublished = {IVOA Note 18 June 2010},
     year = 2010,
    month = jun,
   editor = {{Demleitner}, M.},
      doi = {10.5479/ADS/bib/2010ivoa.rept.0618D},
   adsurl = {https://ui.adsabs.harvard.edu/abs/2010ivoa.rept.0618D},
  adsnote = {Provided by the SAO/NASA Astrophysics Data System}
}

@MISC{2010ivoa.spec.0413H,
   author = {{Hanisch}, R.~J. and {Arviset}, C. and {Genova}, F. and {Rino}, B.
	},
    title = "{IVOA Document Standards Version 1.2}",
howpublished = {IVOA Recommendation 13 April 2010},
     year = 2010,
    month = apr,
archivePrefix = "arXiv",
   eprint = {1110.0522},
 primaryClass = "astro-ph.IM",
   editor = {{Hanisch}, R.~J.},
      doi = {10.5479/ADS/bib/2010ivoa.spec.0413H},
   adsurl = {https://ui.adsabs.harvard.edu/abs/2010ivoa.spec.0413H},
  adsnote = {Provided by the SAO/NASA Astrophysics Data System}
}

@MISC{2010ivoa.spec.0327D,
   author = {{Dowler}, P. and {Rixon}, G. and {Tody}, D.},
    title = "{Table Access Protocol Version 1.0}",
howpublished = {IVOA Recommendation 27 March 2010},
     year = 2010,
    month = mar,
archivePrefix = "arXiv",
   eprint = {1110.0497},
 primaryClass = "astro-ph.IM",
   editor = {{Dowler}, P.},
      doi = {10.5479/ADS/bib/2010ivoa.spec.0327D},
   adsurl = {https://ui.adsabs.harvard.edu/abs/2010ivoa.spec.0327D},
  adsnote = {Provided by the SAO/NASA Astrophysics Data System}
}

@MISC{2010ivoa.rept.0303D,
   author = {{Derriere}, S. and {Preite-Martinez}, A. and {Richard}, A. and 
	{Cambr{\'e}sy}, L. and {Padovani}, P.},
    title = "{Ontology of Astronomical Object Types Version 1.3}",
howpublished = {IVOA Note 03 March 2010},
     year = 2010,
    month = mar,
   editor = {{Derriere}, S. and {Preite-Martinez}, A. and {Richard}, A.},
      doi = {10.5479/ADS/bib/2010ivoa.rept.0303D},
   adsurl = {https://ui.adsabs.harvard.edu/abs/2010ivoa.rept.0303D},
  adsnote = {Provided by the SAO/NASA Astrophysics Data System}
}

@MISC{2010ivoa.spec.0218P,
   author = {{Plante}, R. and {Graham}, M. and {Rixon}, G. and {Taffoni}, G.
	},
    title = "{IVOA Credential Delegation Protocol Version 1.0}",
howpublished = {IVOA Recommendation 18 February 2010},
     year = 2010,
    month = feb,
archivePrefix = "arXiv",
   eprint = {1110.0509},
 primaryClass = "astro-ph.IM",
   editor = {{Plante}, R. and {Graham}, M.},
      doi = {10.5479/ADS/bib/2010ivoa.spec.0218P},
   adsurl = {https://ui.adsabs.harvard.edu/abs/2010ivoa.spec.0218P},
  adsnote = {Provided by the SAO/NASA Astrophysics Data System}
}

@MISC{2010ivoa.rept.0117R,
   author = {{Derriere}, S. and {Preite-Martinez}, A. and {Richard}, A. and 
	{Cambr{\'e}sy}, L. and {Padovani}, P.},
    title = "{Ontology of Astronomical Object Types Use Cases Version 1.1}",
howpublished = {IVOA Note 17 January 2010},
     year = 2010,
    month = jan,
   editor = {{Derriere}, S. and {Preite-Martinez}, A. and {Richard}, A.},
      doi = {10.5479/ADS/bib/2010ivoa.rept.0117R},
   adsurl = {https://ui.adsabs.harvard.edu/abs/2010ivoa.rept.0117R},
  adsnote = {Provided by the SAO/NASA Astrophysics Data System}
}

@MISC{2009ivoa.spec.1130O,
   author = {{Ochsenbein}, F. and {Williams}, R.},
    title = "{VOTable Format Definition Version 1.2}",
howpublished = {IVOA Recommendation 30 November 2009},
     year = 2009,
    month = nov,
archivePrefix = "arXiv",
   eprint = {1110.0524},
 primaryClass = "astro-ph.IM",
   editor = {{Ochsenbein}, F.},
      doi = {10.5479/ADS/bib/2009ivoa.spec.1130O},
   adsurl = {https://ui.adsabs.harvard.edu/abs/2009ivoa.spec.1130O},
  adsnote = {Provided by the SAO/NASA Astrophysics Data System}
}

@MISC{2009ivoa.spec.1111H,
   author = {{Harrison}, P. and {Tody}, D. and {Plante}, R.},
    title = "{Simple Image Access Specification Version 1.0}",
howpublished = {IVOA Recommendation 11 November 2009},
     year = 2009,
    month = nov,
archivePrefix = "arXiv",
   eprint = {1110.0499},
 primaryClass = "astro-ph.IM",
   editor = {{Harrison}, P.},
      doi = {10.5479/ADS/bib/2009ivoa.spec.1111H},
   adsurl = {https://ui.adsabs.harvard.edu/abs/2009ivoa.spec.1111H},
  adsnote = {Provided by the SAO/NASA Astrophysics Data System}
}

@MISC{2009ivoa.spec.1104B,
   author = {{Benson}, K. and {Plante}, R. and {Auden}, E. and {Graham}, M. and 
	{Greene}, G. and {Hill}, M. and {Linde}, T. and {Morris}, D. and 
	{O`Mullane}, W. and {Rixon}, G. and {St{\'e}b{\'e}}, A. and 
	{Andrews}, K.},
    title = "{IVOA Registry Interfaces Version 1.0}",
howpublished = {IVOA Recommendation 04 November 2009},
     year = 2009,
    month = nov,
archivePrefix = "arXiv",
   eprint = {1110.0513},
 primaryClass = "astro-ph.IM",
   editor = {{Benson}, K. and {Plante}, R.},
      doi = {10.5479/ADS/bib/2009ivoa.spec.1104B},
   adsurl = {https://ui.adsabs.harvard.edu/abs/2009ivoa.spec.1104B},
  adsnote = {Provided by the SAO/NASA Astrophysics Data System}
}

@MISC{2009ivoa.specQ1007G,
   author = {{Graham}, M. and {Morris}, D. and {Rixon}, G.},
    title = "{VOSpace specification Version 1.15}",
howpublished = {IVOA Recommendation 07 October 2009},
     year = 2009,
    month = oct,
   editor = {{Graham}, M.},
   adsurl = {https://ui.adsabs.harvard.edu/abs/2009ivoa.specQ1007G},
  adsnote = {Provided by the SAO/NASA Astrophysics Data System}
}

@MISC{2009ivoa.spec.1007G,
   author = {{Gray}, A.~J.~G. and {Gray}, N. and {Hessman}, F.~V. and {Preite Martinez}, A. and 
	{Derriere}, S. and {Linde}, T. and {Seaman}, R. and {Thomas}, B.
	},
    title = "{Vocabularies in the Virtual Observatory Version 1.19}",
howpublished = {IVOA Recommendation 07 October 2009},
     year = 2009,
    month = oct,
archivePrefix = "arXiv",
   eprint = {1110.0520},
 primaryClass = "astro-ph.IM",
   editor = {{Gray}, A.~J.~G. and {Gray}, N. and {Hessman}, F.~V. and {Preite Martinez}, A. and 
	{Derriere}, S.},
      doi = {10.5479/ADS/bib/2009ivoa.spec.1007G},
   adsurl = {https://ui.adsabs.harvard.edu/abs/2009ivoa.spec.1007G},
  adsnote = {Provided by the SAO/NASA Astrophysics Data System}
}

@MISC{2009ivoa.rept.1030R,
   author = {{Rots}, A.~H.},
    title = "{STC-S: Space-Time Coordinate (STC) Metadata Linear String Implementation Version 1.33}",
howpublished = {IVOA Working Draft 30 October 2009},
     year = 2009,
    month = oct,
   editor = {{Rots}, A.~H.},
      doi = {10.5479/ADS/bib/2009ivoa.rept.1030R},
   adsurl = {https://ui.adsabs.harvard.edu/abs/2009ivoa.rept.1030R},
  adsnote = {Provided by the SAO/NASA Astrophysics Data System}
}

@MISC{2009ivoa.rept.1001A,
   author = {{Arviset}, C. and {IVOA Technical Coordination Group}},
    title = "{The IVOA in 2009: Technical Assessment, Roadmap Version 1.0}",
howpublished = {IVOA Note 01 October 2009},
     year = 2009,
    month = oct,
   editor = {{Arviset}, C.},
      doi = {10.5479/ADS/bib/2009ivoa.rept.1001A},
   adsurl = {https://ui.adsabs.harvard.edu/abs/2009ivoa.rept.1001A},
  adsnote = {Provided by the SAO/NASA Astrophysics Data System}
}

@MISC{2009ivoa.rept.0110I,
   author = {{IVOA Technical Coordination Group}},
    title = "{The IVOA in 2009: Technical Assessment and Roadmap Version 1.0}",
howpublished = {IVOA Note 01 October 2009},
     year = 2009,
    month = oct,
   editor = {{Arviset}, C.},
      doi = {10.5479/ADS/bib/2009ivoa.rept.0110I},
   adsurl = {https://ui.adsabs.harvard.edu/abs/2009ivoa.rept.0110I},
  adsnote = {Provided by the SAO/NASA Astrophysics Data System}
}

@MISC{2009ivoa.spec.0421B,
   author = {{Boch}, T. and {Fitzpatrick}, M. and {Taylor}, M. and {Allan}, A. and 
	{Paioro}, L. and {Taylor}, J. and {Tody}, D.},
    title = "{SAMP {\mdash} Simple Application Messaging Protocol Version 1.11}",
howpublished = {IVOA Recommendation 21 April 2009},
     year = 2009,
    month = apr,
   editor = {{Boch},T. and {Fitzpatrick}, M. and {Taylor}, M.},
      doi = {10.5479/ADS/bib/2009ivoa.spec.0421B},
   adsurl = {https://ui.adsabs.harvard.edu/abs/2009ivoa.spec.0421B},
  adsnote = {Provided by the SAO/NASA Astrophysics Data System}
}

@MISC{2008ivoa.spec.1030O,
   author = {{Osuna}, P. and {Ortiz}, I. and {Lusted}, J. and {Dowler}, P. and 
	{Szalay}, A. and {Shirasaki}, Y. and {Nieto-Santisteban}, M.~A. and 
	{Ohishi}, M. and {O'Mullane}, W. and {VOQL-TEG Group} and {VOQL Working Group.}
	},
    title = "{IVOA Astronomical Data Query Language Version 2.00}",
howpublished = {IVOA Recommendation 30 October 2008},
     year = 2008,
    month = oct,
archivePrefix = "arXiv",
   eprint = {1110.0503},
 primaryClass = "astro-ph.IM",
   editor = {{Osuna}, P. and {Ortiz}, I.},
      doi = {10.5479/ADS/bib/2008ivoa.spec.1030O},
   adsurl = {https://ui.adsabs.harvard.edu/abs/2008ivoa.spec.1030O},
  adsnote = {Provided by the SAO/NASA Astrophysics Data System}
}

@MISC{2008ivoa.rept.0807A,
   author = {{Arviset}, C. and {IVOA TCG}},
    title = "{The IVOA in 2008: Technical Assessment, Roadmap Version 1.00}",
howpublished = {IVOA Note 07 August 2008},
     year = 2008,
    month = aug,
   editor = {{Arviset}, C.},
      doi = {10.5479/ADS/bib/2008ivoa.rept.0807A},
   adsurl = {https://ui.adsabs.harvard.edu/abs/2008ivoa.rept.0807A},
  adsnote = {Provided by the SAO/NASA Astrophysics Data System}
}

@MISC{2008ivoa.spec.0325L,
   author = {{Louys}, M. and {Richards}, A. and {Bonnarel}, F. and {Micol}, A. and 
	{Chilingarian}, I. and {McDowell}, J. and {IVOA Data Model Working Group}
	},
    title = "{Data Model for Astronomical DataSet Characterisation Version 1.13}",
howpublished = {IVOA Recommendation 25 March 2008},
     year = 2008,
    month = mar,
archivePrefix = "arXiv",
   eprint = {1111.2281},
 primaryClass = "astro-ph.IM",
   editor = {{Louys}, M. and {Richards}, A. and {Bonnarel}, F. and {Micol}, A. and 
	{Chilingarian}, I. and {McDowell}, J.},
      doi = {10.5479/ADS/bib/2008ivoa.spec.0325L},
   adsurl = {https://ui.adsabs.harvard.edu/abs/2008ivoa.spec.0325L},
  adsnote = {Provided by the SAO/NASA Astrophysics Data System}
}

@MISC{2008ivoa.specQ0222P,
   author = {{Plante}, R. and {Williams}, R. and {Hanisch}, R. and {Szalay}, A.
	},
    title = "{Simple Cone Search Version 1.03}",
howpublished = {IVOA Recommendation 22 February 2008},
     year = 2008,
    month = feb,
archivePrefix = "arXiv",
   eprint = {1110.0498},
 primaryClass = "astro-ph.IM",
   editor = {{Plante}, R.},
   adsurl = {https://ui.adsabs.harvard.edu/abs/2008ivoa.specQ0222P},
  adsnote = {Provided by the SAO/NASA Astrophysics Data System}
}

@MISC{2008ivoa.spec.0222P,
   author = {{Plante}, R. and {Benson}, K. and {Graham}, M. and {Greene}, G. and 
	{Harrison}, P. and {Lemson}, G. and {Linde}, T. and {Rixon}, G. and 
	{St{\'e}b{\'e}}, A. and {IVOA Registry Working Group}},
    title = "{VOResource: an XML Encoding Schema for Resource Metadata Version 1.03}",
howpublished = {IVOA Recommendation 22 February 2008},
     year = 2008,
    month = feb,
archivePrefix = "arXiv",
   eprint = {1110.0515},
 primaryClass = "astro-ph.IM",
   editor = {{Plante}, R.},
      doi = {10.5479/ADS/bib/2008ivoa.spec.0222P},
   adsurl = {https://ui.adsabs.harvard.edu/abs/2008ivoa.spec.0222P},
  adsnote = {Provided by the SAO/NASA Astrophysics Data System}
}

@MISC{2008ivoa.spec.0201D,
   author = {{Tody}, D. and {Dolensky}, M. and {McDowell}, J. and {Bonnarel}, F. and 
	{Budavari}, T. and {Busko}, I. and {Micol}, A. and {Osuna}, P. and 
	{Salgado}, J. and {Skoda}, P. and {Thompson}, R. and {Valdes}, F. and 
	{Data Access Layer Working Group}},
    title = "{Simple Spectral Access Protocol Version 1.04}",
howpublished = {IVOA Recommendation 01 February 2008},
     year = 2008,
    month = feb,
   editor = {{Tody}, D. and {Dolensky}, M.},
      doi = {10.5479/ADS/bib/2008ivoa.spec.0201D},
   adsurl = {https://ui.adsabs.harvard.edu/abs/2008ivoa.spec.0201D},
  adsnote = {Provided by the SAO/NASA Astrophysics Data System}
}

@MISC{2008ivoa.spec.0124R,
   author = {{Rixon}, G. and {Graham}, M. and {Grid andWeb Services Working Group}
	},
    title = "{IVOA Single-Sign-On Profile: Authentication Mechanisms Version 1.01}",
howpublished = {IVOA Recommendation 24 January 2008},
     year = 2008,
    month = jan,
archivePrefix = "arXiv",
   eprint = {1110.0506},
 primaryClass = "astro-ph.IM",
   editor = {{Rixon}, G. and {Graham}, M.},
   adsurl = {https://ui.adsabs.harvard.edu/abs/2008ivoa.spec.0124R},
  adsnote = {Provided by the SAO/NASA Astrophysics Data System}
}

@MISC{2008ivoa.spec.0124G,
   author = {{Graham}, M. and {Harrison}, P. and {Morris}, D. and {Rixon}, G.
	},
    title = "{VOSpace service specification Version 1.02}",
howpublished = {IVOA Recommendation 24 January 2008},
     year = 2008,
    month = jan,
   editor = {{Graham}, M.},
      doi = {10.5479/ADS/bib/2008ivoa.spec.0124G},
   adsurl = {https://ui.adsabs.harvard.edu/abs/2008ivoa.spec.0124G},
  adsnote = {Provided by the SAO/NASA Astrophysics Data System}
}

@MISC{2007ivoa.spec.1220D,
   author = {{Tody}, D. and {Dolensky}, M. and {McDowell}, J. and {Bonnarel}, F. and 
	{Budavari}, T. and {Busko}, I. and {Micol}, A. and {Osuna}, P. and 
	{Salgado}, J. and {Skoda}, P. and {Thompson}, R. and {Valdes}, F. and 
	{Data Access Layer Working Group}},
    title = "{Simple Spectral Access Protocol Version 1.03}",
howpublished = {IVOA Recommendation 20 December 2007},
     year = 2007,
    month = dec,
   editor = {{Tody}, D. and {Dolensky}, M.},
      doi = {10.5479/ADS/bib/2007ivoa.spec.1220D},
   adsurl = {https://ui.adsabs.harvard.edu/abs/2007ivoa.spec.1220D},
  adsnote = {Provided by the SAO/NASA Astrophysics Data System}
}

@MISC{2007ivoa.spec.1108L,
   author = {{Louys}, M. and {Richards}, A. and {Bonnarel}, F. and {Micol}, A. and 
	{Chilingarian}, I. and {McDowell}, J. and {IVOA Data Model Working Group}
	},
    title = "{Data Model for Astronomical DataSet Characterisation Version 1.12}",
howpublished = {IVOA Recommendation 08 November 2007},
     year = 2007,
    month = nov,
   editor = {{Louys}, M. and {Richards}, A. and {Bonnarel}, F. and {Micol}, A. and 
	{Chilingarian}, I. and {McDowell}, J.},
      doi = {10.5479/ADS/bib/2007ivoa.spec.1108L},
   adsurl = {https://ui.adsabs.harvard.edu/abs/2007ivoa.spec.1108L},
  adsnote = {Provided by the SAO/NASA Astrophysics Data System}
}

@MISC{2007ivoa.spec.1030R,
   author = {{Rots}, A.~H.},
    title = "{Space-Time Coordinate Metadata for the Virtual Observatory Version 1.33}",
howpublished = {IVOA Recommendation 30 October 2007},
     year = 2007,
    month = oct,
archivePrefix = "arXiv",
   eprint = {1110.0504},
 primaryClass = "astro-ph.IM",
   editor = {{Rots}, A.~H.},
      doi = {10.5479/ADS/bib/2007ivoa.spec.1030R},
   adsurl = {https://ui.adsabs.harvard.edu/abs/2007ivoa.spec.1030R},
  adsnote = {Provided by the SAO/NASA Astrophysics Data System}
}

@MISC{2007ivoa.spec.1029M,
   author = {{McDowell}, J. and {Tody}, D. and {Budavari}, T. and {Dolensky}, M. and 
	{Kamp}, I. and {McCusker}, K. and {Protopapas}, P. and {Rots}, A. and 
	{Thompson}, R. and {Valdes}, F. and {Skoda}, P. and {IVOA Data Access Layer} and 
	{Data Model Working Groups}},
    title = "{IVOA Spectral Data Model Version 1.03}",
howpublished = {IVOA Recommendation 29 October 2007},
     year = 2007,
    month = oct,
   editor = {{McDowell}, J. and {Tody}, D. and {Budavari}, T. and {Dolensky}, M. and 
	{Kamp}, I. and {McCusker}, K. and {Protopapas}, P. and {Rots}, A. and 
	{Thompson}, R. and {Valdes}, F. and {Skoda}, P. and {IVOA Data Access Layer} and 
	{Data Model Working Groups}},
      doi = {10.5479/ADS/bib/2007ivoa.spec.1029M},
   adsurl = {https://ui.adsabs.harvard.edu/abs/2007ivoa.spec.1029M},
  adsnote = {Provided by the SAO/NASA Astrophysics Data System}
}

@MISC{2007ivoa.rept.0920G,
   author = {{Gray}, N.},
    title = "{An RDF version of the VO Registry Version 1.00}",
howpublished = {IVOA Note 20 September 2007},
     year = 2007,
    month = sep,
   editor = {{Gray}, N.},
      doi = {10.5479/ADS/bib/2007ivoa.rept.0920G},
   adsurl = {https://ui.adsabs.harvard.edu/abs/2007ivoa.rept.0920G},
  adsnote = {Provided by the SAO/NASA Astrophysics Data System}
}

@MISC{2007ivoa.rept.0628P,
   author = {{Plante}, R.},
    title = "{The Registry of Registries Version 1.00}",
howpublished = {IVOA Note 28 June 2007},
     year = 2007,
    month = jun,
   editor = {{Plante}, R.},
      doi = {10.5479/ADS/bib/2007ivoa.rept.0628P},
   adsurl = {https://ui.adsabs.harvard.edu/abs/2007ivoa.rept.0628P},
  adsnote = {Provided by the SAO/NASA Astrophysics Data System}
}

@MISC{2007ivoa.rept.0625B,
   author = {{Bonnarel}, F. and {Louys}, M. and {Chilingarian}, I. and {Micol}, A. and 
	{Richards}, A. and {McDowell}, J.},
    title = "{Utype list for the Characterisation Data Model Version 1.11}",
howpublished = {IVOA Note 25 June 2007},
     year = 2007,
    month = jun,
   editor = {{Bonnarel}, F. and {Louys}, M.},
      doi = {10.5479/ADS/bib/2007ivoa.rept.0625B},
   adsurl = {https://ui.adsabs.harvard.edu/abs/2007ivoa.rept.0625B},
  adsnote = {Provided by the SAO/NASA Astrophysics Data System}
}

@MISC{2007ivoa.rept.0618W,
   author = {{Williams}, R. and {Allen}, M. and {Arviset}, C. and {Derriere}, S. and 
	{deYoung}, D. and {Dolensky}, M. and {Genova}, F. and {Graham}, M. and 
	{Hanisch}, B. and {Lemson}, G. and {Louys}, M. and {Preite Martinez}, A. and 
	{Noddle}, K. and {Ochsenbein}, F. and {Osuna}, P. and {Plante}, R. and 
	{Richards}, A. and {Seaman}, R. and {Shirasaki}, Y. and {Stebe}, A. and 
	{Taylor}, M. and {Wozniak}, H.},
    title = "{The IVOA in 2007: Assessment, Future Roadmap Version 1.00}",
howpublished = {IVOA Note 18 June 2007},
     year = 2007,
    month = jun,
      doi = {10.5479/ADS/bib/2007ivoa.rept.0618W},
   adsurl = {https://ui.adsabs.harvard.edu/abs/2007ivoa.rept.0618W},
  adsnote = {Provided by the SAO/NASA Astrophysics Data System}
}

@MISC{2007ivoa.spec.0402M,
   author = {{Preite Martinez}, A. and {Derriere}, S. and {Delmotte}, N. and 
	{Gray}, N. and {Mann}, R. and {McDowell}, J. and {Mc Glynn}, T. and 
	{Ochsenbein}, F. and {Osuna}, P. and {Rixon}, G. and {Williams}, R.
	},
    title = "{The UCD1+ controlled vocabulary Version 1.23}",
howpublished = {IVOA Recommendation 02 April 2007},
     year = 2007,
    month = apr,
archivePrefix = "arXiv",
   eprint = {1110.0518},
 primaryClass = "astro-ph.IM",
   editor = {{Preite Martinez}, A. and {Derriere}, S.},
      doi = {10.5479/ADS/bib/2007ivoa.spec.0402M},
   adsurl = {https://ui.adsabs.harvard.edu/abs/2007ivoa.spec.0402M},
  adsnote = {Provided by the SAO/NASA Astrophysics Data System}
}

@MISC{2007ivoa.spec.0314P,
   author = {{Plante}, R. and {Linde}, T. and {Williams}, R. and {Noddle}, K.
	},
    title = "{IVOA Identifiers Version 1.12}",
howpublished = {IVOA Recommendation 14 March 2007},
     year = 2007,
    month = mar,
archivePrefix = "arXiv",
   eprint = {1110.0512},
 primaryClass = "astro-ph.IM",
   editor = {{Plante}, R.},
      doi = {10.5479/ADS/bib/2007ivoa.spec.0314P},
   adsurl = {https://ui.adsabs.harvard.edu/abs/2007ivoa.spec.0314P},
  adsnote = {Provided by the SAO/NASA Astrophysics Data System}
}

@MISC{2007ivoa.spec.0302H,
   author = {{Hanisch}, R. and {IVOA Resource Registry Working Group} and 
	{NVO Metadata Working Group}},
    title = "{Resource Metadata for the Virtual Observatory Version 1.12}",
howpublished = {IVOA Recommendation 02 March 2007},
     year = 2007,
    month = mar,
archivePrefix = "arXiv",
   eprint = {1110.0514},
 primaryClass = "astro-ph.IM",
   editor = {{Hanisch}, R.},
      doi = {10.5479/ADS/bib/2007ivoa.spec.0302H},
   adsurl = {https://ui.adsabs.harvard.edu/abs/2007ivoa.spec.0302H},
  adsnote = {Provided by the SAO/NASA Astrophysics Data System}
}

@MISC{2006ivoa.spec.1101S,
   author = {{Seaman}, R. and {Williams}, R. and {Allan}, A. and {Barthelmy}, S. and 
	{Bloom}, J. and {Graham}, M. and {Hessman}, F. and {Marka}, S. and 
	{Rots}, A. and {Stoughton}, C. and {Vestrand}, T. and {White}, R. and 
	{Wozniak}, P.},
    title = "{Sky Event Reporting Metadata (VOEvent) Version 1.11}",
howpublished = {IVOA Recommendation 1 November 2006},
     year = 2006,
    month = nov,
   editor = {{Seaman}, R. and {Williams}, R.},
      doi = {10.5479/ADS/bib/2006ivoa.spec.1101S},
   adsurl = {https://ui.adsabs.harvard.edu/abs/2006ivoa.spec.1101S},
  adsnote = {Provided by the SAO/NASA Astrophysics Data System}
}

@MISC{2006ivoa.rept.0919C,
   author = {{Christensen}, L.~L. and {Hurt}, R. and {Gauthier}, A. and {IAU Virtual Repository Working Group}
	},
    title = "{Astronomical Outreach Imagery Metadata Tags for the Virtual Observatory Version 1.00}",
howpublished = {IVOA Note 19 September 2006},
     year = 2006,
    month = sep,
   editor = {{Christensen}, L.~L. and {Hurt}, R.},
      doi = {10.5479/ADS/bib/2006ivoa.rept.0919C},
   adsurl = {https://ui.adsabs.harvard.edu/abs/2006ivoa.rept.0919C},
  adsnote = {Provided by the SAO/NASA Astrophysics Data System}
}

@MISC{2006ivoa.rept.0606A,
   author = {{Allen}, M. and {Genova}, F. and {Hanisch}, B. and {Lemson}, G. and 
	{Linde}, T. and {McDowell}, J. and {Moore}, R. and {Nieto-Santisteban}, M. and 
	{Ochsenbein}, F. and {Ohishi}, M. and {Preite Martinez}, A. and 
	{Rixon}, G. and {Shirasaki}, Y. and {Tody}, D. and {Williams}, R.
	},
    title = "{The IVOA in 2006: Assessment, Future Roadmap Version 1.00}",
howpublished = {IVOA Note 06 June 2006},
     year = 2006,
    month = jun,
   editor = {{Allen}, M. and {Genova}, F. and {Hanisch}, B. and {Lemson}, G. and 
	{Linde}, T. and {McDowell}, J. and {Moore}, R. and {Nieto-Santisteban}, M. and 
	{Ochsenbein}, F. and {Ohishi}, M. and {Preite Martinez}, A. and 
	{Rixon}, G. and {Shirasaki}, Y. and {Tody}, D.},
      doi = {10.5479/ADS/bib/2006ivoa.rept.0606A},
   adsurl = {https://ui.adsabs.harvard.edu/abs/2006ivoa.rept.0606A},
  adsnote = {Provided by the SAO/NASA Astrophysics Data System}
}

@MISC{2006ivoa.spec.0528M,
   author = {{Preite Martinez}, A. and {Derriere}, S. and {Delmotte}, N. and 
	{Derriere}, S. and {Gray}, N. and {Mann}, R. and {McDowell}, J. and 
	{Mc Glynn}, T. and {Ochsenbein}, F. and {Osuna}, P. and {Preite Martinez}, A. and 
	{Rixon}, G. and {Williams}, R.},
    title = "{Maintenance of the list of UCD words Version 1.20}",
howpublished = {IVOA Recommendation 28 May 2006},
     year = 2006,
    month = may,
archivePrefix = "arXiv",
   eprint = {1110.0519},
 primaryClass = "astro-ph.IM",
   editor = {{Preite Martinez}, A. and {Derriere}, S.},
      doi = {10.5479/ADS/bib/2006ivoa.spec.0528M},
   adsurl = {https://ui.adsabs.harvard.edu/abs/2006ivoa.spec.0528M},
  adsnote = {Provided by the SAO/NASA Astrophysics Data System}
}

@MISC{2005ivoa.spec.1231D,
   author = {{Derriere}, S. and {Preite Martinez}, A. and {Preite Martinez}, A. and 
	{Derriere}, S. and {Gray}, N. and {Mann}, R. and {McDowell}, J. and 
	{Mc Glynn}, T. and {Ochsenbein}, F. and {Osuna}, P. and {Rixon}, G. and 
	{Williams}, R.},
    title = "{The UCD1+ controlled vocabulary Version 1.11}",
howpublished = {IVOA Recommendation 31 December 2005},
     year = 2005,
    month = dec,
   editor = {{Derriere}, S. and {Preite Martinez}, A.},
      doi = {10.5479/ADS/bib/2005ivoa.spec.1231D},
   adsurl = {https://ui.adsabs.harvard.edu/abs/2005ivoa.spec.1231D},
  adsnote = {Provided by the SAO/NASA Astrophysics Data System}
}

@MISC{2005ivoa.spec.0819D,
   author = {{Derriere}, S. and {Preite Martinez}, A. and {Williams}, R. and 
	{Gray}, N. and {Mann}, R. and {McDowell}, J. and {Mc Glynn}, T. and 
	{Ochsenbein}, F. and {Osuna}, P. and {Rixon}, G.},
    title = "{An IVOA Standard for Unified Content Descriptors Version 1.10}",
howpublished = {IVOA Recommendation 19 August 2005},
     year = 2005,
    month = aug,
archivePrefix = "arXiv",
   eprint = {1110.0525},
 primaryClass = "astro-ph.IM",
   editor = {{Derriere}, S. and {Preite Martinez}, A. and {Williams}, R.},
      doi = {10.5479/ADS/bib/2005ivoa.spec.0819D},
   adsurl = {https://ui.adsabs.harvard.edu/abs/2005ivoa.spec.0819D},
  adsnote = {Provided by the SAO/NASA Astrophysics Data System}
}

@MISC{2005ivoa.rept.0808W,
   author = {{Williams}, R.},
    title = "{The IVOA in 2005: Assessment, Future Roadmap Version 1.00}",
howpublished = {IVOA Note 08 August 2005},
     year = 2005,
    month = aug,
   editor = {{Williams}, R.},
      doi = {10.5479/ADS/bib/2005ivoa.rept.0808W},
   adsurl = {https://ui.adsabs.harvard.edu/abs/2005ivoa.rept.0808W},
  adsnote = {Provided by the SAO/NASA Astrophysics Data System}
}

@MISC{2004ivoa.spec.0811O,
   author = {{Ochsenbein}, F. and {Williams}, R. and {Davenhall}, C. and 
	{Durand}, D. and {Fernique}, P. and {Giaretta}, D. and {Hanisch}, R. and 
	{McGlynn}, T. and {Szalay}, A. and {Taylor}, M.~B. and {Wicenec}, A.
	},
    title = "{VOTable Format Definition Version 1.1}",
howpublished = {IVOA Recommendation 11 August 2004},
     year = 2004,
    month = aug,
   editor = {{Ochsenbein}, F.},
      doi = {10.5479/ADS/bib/2004ivoa.spec.0811O},
   adsurl = {https://ui.adsabs.harvard.edu/abs/2004ivoa.spec.0811O},
  adsnote = {Provided by the SAO/NASA Astrophysics Data System}
}

@MISC{2004ivoa.spec.0426H,
   author = {{Hanisch}, R. and {IVOA Resource Registry Working Group} and 
	{NVO Metadata Working Group}},
    title = "{Resource Metadata for the Virtual Observatory Version 1.01}",
howpublished = {IVOA Recommendation 26 April 2004},
     year = 2004,
    month = apr,
   editor = {{Hanisch}, R.},
      doi = {10.5479/ADS/bib/2004ivoa.spec.0426H},
   adsurl = {https://ui.adsabs.harvard.edu/abs/2004ivoa.spec.0426H},
  adsnote = {Provided by the SAO/NASA Astrophysics Data System}
}

@MISC{2004ivoa.rept.0315H,
   author = {{Hanisch}, B. and {Quinn}, P. and {Lawrence}, A.},
    title = "{The Management, Storage, Utilization of Astronomical Data in the 21st Century Version 1.00}",
howpublished = {IVOA Note 15 March 2004},
     year = 2004,
    month = mar,
   editor = {{Hanisch}, B.},
      doi = {10.5479/ADS/bib/2004ivoa.rept.0315H},
   adsurl = {https://ui.adsabs.harvard.edu/abs/2004ivoa.rept.0315H},
  adsnote = {Provided by the SAO/NASA Astrophysics Data System}
}

@MISC{2003ivoa.spec.1024H,
   author = {{Hanisch}, R.~J. and {Linde}, A.~E. and {Executive Committee}, I.
	},
    title = "{IVOA Document Standards Version 1.0}",
howpublished = {IVOA Recommendation 24 October 2003},
     year = 2003,
    month = oct,
   editor = {{Hanisch}, R.~J. and {Linde}, A.~E.},
      doi = {10.5479/ADS/bib/2003ivoa.spec.1024H},
   adsurl = {https://ui.adsabs.harvard.edu/abs/2003ivoa.spec.1024H},
  adsnote = {Provided by the SAO/NASA Astrophysics Data System}
}

